<?xml version="1.0" encoding="UTF-8"?><collection xmlns="http://www.loc.gov/MARC21/slim"><record><leader>00445nam--2200169-i-4500</leader><controlfield tag="001">000009666</controlfield><controlfield tag="002">20161230</controlfield><controlfield tag="005">20161230201028</controlfield><controlfield tag="008">060222s1000------------r-----000-0-eng-d</controlfield><datafield ind1=" " ind2=" " tag="040"><subfield code="a">IFIN-HH</subfield></datafield><datafield ind1=" " ind2=" " tag="080"><subfield code="a">53.081</subfield></datafield><datafield ind1="1" ind2=" " tag="100"><subfield code="a">Carman, Robert A</subfield></datafield><datafield ind1="1" ind2="0" tag="245"><subfield code="a">Numbers and units for physics</subfield><subfield code="c">Roberet a. carman</subfield></datafield><datafield ind1=" " ind2=" " tag="260"><subfield code="a">New York</subfield><subfield code="b">John Wiley &amp; Sons, Inc</subfield><subfield code="c">1969</subfield></datafield><datafield ind1=" " ind2=" " tag="300"><subfield code="a">XVII + 220 P</subfield></datafield><datafield ind1=" " ind2=" " tag="852"><subfield code="a">35004</subfield><subfield code="c">53.08</subfield></datafield><datafield ind1=" " ind2=" " tag="CAT"><subfield code="a">Sys</subfield><subfield code="c">20151029</subfield><subfield code="h">082804</subfield></datafield></record></collection>